@article{fleming2014measure,
  title={How to measure metacognition},
  author={Fleming, Stephen M and Lau, Hakwan C},
  journal={Frontiers in human neuroscience},
  volume={8},
  pages={443},
  year={2014},
  publisher={Frontiers}
}
@misc{kreyszig1979advanced,
  title={Advanced Engineering Mathematics. Fourth edi},
  author={Kreyszig, E},
  year={1979},
  publisher={John Wiley \& Sons, Inc}
}
@article{ditterich2003microstimulation,
  title={Microstimulation of visual cortex affects the speed of perceptual decisions},
  author={Ditterich, Jochen and Mazurek, Mark E and Shadlen, Michael N},
  journal={Nature neuroscience},
  volume={6},
  number={8},
  pages={891--898},
  year={2003},
  publisher={Nature Publishing Group}
}
@article{munoz2002vying,
  title={Vying for dominance: dynamic interactions control visual fixation and saccadic initiation in the superior colliculus},
  author={Munoz, Douglas P and Fecteau, Jillian H and others},
  journal={Progress in brain research},
  volume={140},
  pages={3--20},
  year={2002}
}
@article{hanes1996neural,
  title={Neural control of voluntary movement initiation},
  author={Hanes, Doug P and Schall, Jeffrey D},
  journal={Science},
  volume={274},
  number={5286},
  pages={427--430},
  year={1996},
  publisher={American Association for the Advancement of Science}
}
@article{hanks2006microstimulation,
  title={Microstimulation of macaque area LIP affects decision-making in a motion discrimination task},
  author={Hanks, Timothy D and Ditterich, Jochen and Shadlen, Michael N},
  journal={Nature neuroscience},
  volume={9},
  number={5},
  pages={682--689},
  year={2006},
  publisher={Nature Publishing Group}
}
@article{lo2006cortico,
  title={Cortico--basal ganglia circuit mechanism for a decision threshold in reaction time tasks},
  author={Lo, Chung-Chuan and Wang, Xiao-Jing},
  journal={Nature neuroscience},
  volume={9},
  number={7},
  pages={956--963},
  year={2006},
  publisher={Nature Publishing Group}
}

@article{wong2007neural,
  title={Neural circuit dynamics underlying accumulation of time-varying evidence during perceptual decision making},
  author={Wong, Kong-Fatt and Huk, Alexander C and Shadlen, Michael N and Wang, Xiao-Jing},
  journal={Frontiers in Computational Neuroscience},
  volume={1},
  pages={6},
  year={2007},
  publisher={Frontiers}
}

@article{kiani2008bounded,
  title={Bounded integration in parietal cortex underlies decisions even when viewing duration is dictated by the environment},
  author={Kiani, Roozbeh and Hanks, Timothy D and Shadlen, Michael N},
  journal={Journal of Neuroscience},
  volume={28},
  number={12},
  pages={3017--3029},
  year={2008},
  publisher={Soc Neuroscience}
}

@article{mazurek2003role,
  title={A role for neural integrators in perceptual decision making},
  author={Mazurek, Mark E and Roitman, Jamie D and Ditterich, Jochen and Shadlen, Michael N},
  journal={Cerebral cortex},
  volume={13},
  number={11},
  pages={1257--1269},
  year={2003},
  publisher={Oxford University Press}
}

@article{gnadt1988memory,
  title={Memory related motor planning activity in posterior parietal cortex of macaque},
  author={Gnadt, James W and Andersen, Richard A},
  journal={Experimental brain research},
  volume={70},
  number={1},
  pages={216--220},
  year={1988},
  publisher={Springer}
}

@article{brunel2001effects,
  title={Effects of neuromodulation in a cortical network model of object working memory dominated by recurrent inhibition},
  author={Brunel, Nicolas and Wang, Xiao-Jing},
  journal={Journal of computational neuroscience},
  volume={11},
  number={1},
  pages={63--85},
  year={2001},
  publisher={Springer}
}

@article{goldman1995cellular,
  title={Cellular basis of working memory},
  author={Goldman-Rakic, Patricia S},
  journal={Neuron},
  volume={14},
  number={3},
  pages={477--485},
  year={1995},
  publisher={Elsevier}
}

@article{freeman1995hebbian,
  title={The Hebbian paradigm reintegrated: local reverberations as internal representations},
  author={Freeman, Walter J},
  journal={Behavioral and brain sciences},
  volume={18},
  number={4},
  pages={631--631},
  year={1995},
  publisher={Cambridge University Press}
}

@article{funahashi1989mnemonic,
  title={Mnemonic coding of visual space in the monkey's dorsolateral prefrontal cortex},
  author={Funahashi, Shintaro and Bruce, Charles J and Goldman-Rakic, Patricia S},
  journal={Journal of neurophysiology},
  volume={61},
  number={2},
  pages={331--349},
  year={1989},
  publisher={American Physiological Society Bethesda, MD}
}


@article{shadlen2001neural,
  title={Neural basis of a perceptual decision in the parietal cortex (area LIP) of the rhesus monkey},
  author={Shadlen, Michael N and Newsome, William T},
  journal={Journal of neurophysiology},
  volume={86},
  number={4},
  pages={1916--1936},
  year={2001},
  publisher={American Physiological Society Bethesda, MD}
}

@article{hanks2006microstimulation,
  title={Microstimulation of macaque area LIP affects decision-making in a motion discrimination task},
  author={Hanks, Timothy D and Ditterich, Jochen and Shadlen, Michael N},
  journal={Nature neuroscience},
  volume={9},
  number={5},
  pages={682--689},
  year={2006},
  publisher={Nature Publishing Group}
}

@article{shadlen1996motion,
  title={Motion perception: seeing and deciding},
  author={Shadlen, Michael N and Newsome, William T},
  journal={Proceedings of the national academy of sciences},
  volume={93},
  number={2},
  pages={628--633},
  year={1996},
  publisher={National Acad Sciences}
}
@article{huk2012neural,
  title={Neural correlates and neural computations in posterior parietal cortex during perceptual decision-making},
  author={Huk, Alexander and Meister, Miriam LR},
  journal={Frontiers in integrative neuroscience},
  volume={6},
  pages={86},
  year={2012},
  publisher={Frontiers}
}
@article{gold2007neural,
  title={The neural basis of decision making},
  author={Gold, Joshua I and Shadlen, Michael N},
  journal={Annual review of neuroscience},
  volume={30},
  year={2007}
}

@article{huk2005neural,
  title={Neural activity in macaque parietal cortex reflects temporal integration of visual motion signals during perceptual decision making},
  author={Huk, Alexander C and Shadlen, Michael N},
  journal={Journal of Neuroscience},
  volume={25},
  number={45},
  pages={10420--10436},
  year={2005},
  publisher={Soc Neuroscience}
}
@article{roitman2002response,
  title={Response of neurons in the lateral intraparietal area during a combined visual discrimination reaction time task},
  author={Roitman, Jamie D and Shadlen, Michael N},
  journal={Journal of neuroscience},
  volume={22},
  number={21},
  pages={9475--9489},
  year={2002},
  publisher={Soc Neuroscience}
}
@article{newsome1989neuronal,
  title={Neuronal correlates of a perceptual decision},
  author={Newsome, William T and Britten, Kenneth H and Movshon, J Anthony},
  journal={Nature},
  volume={341},
  number={6237},
  pages={52--54},
  year={1989},
  publisher={Springer}
}

@article{britten1993responses,
  title={Responses of neurons in macaque MT to stochastic motion signals},
  author={Britten, Kenneth H and Shadlen, Michael N and Newsome, William T and Movshon, J Anthony},
  journal={Visual neuroscience},
  volume={10},
  number={6},
  pages={1157--1169},
  year={1993},
  publisher={Cambridge University Press}
}

@article{britten1992analysis,
  title={The analysis of visual motion: a comparison of neuronal and psychophysical performance},
  author={Britten, Kenneth H and Shadlen, Michael N and Newsome, William T and Movshon, J Anthony},
  journal={Journal of Neuroscience},
  volume={12},
  number={12},
  pages={4745--4765},
  year={1992},
  publisher={Soc Neuroscience}
}


@article{uchida2003speed,
  title={Speed and accuracy of olfactory discrimination in the rat},
  author={Uchida, Naoshige and Mainen, Zachary F},
  journal={Nature neuroscience},
  volume={6},
  number={11},
  pages={1224--1229},
  year={2003},
  publisher={Nature Publishing Group}
}
@article{abraham2004maintaining,
  title={Maintaining accuracy at the expense of speed: stimulus similarity defines odor discrimination time in mice},
  author={Abraham, Nixon M and Spors, Hartwig and Carleton, Alan and Margrie, Troy W and Kuner, Thomas and Schaefer, Andreas T},
  journal={Neuron},
  volume={44},
  number={5},
  pages={865--876},
  year={2004},
  publisher={Elsevier}
}

@article{uchida2006seeing,
  title={Seeing at a glance, smelling in a whiff: rapid forms of perceptual decision making},
  author={Uchida, Naoshige and Kepecs, Adam and Mainen, Zachary F},
  journal={Nature Reviews Neuroscience},
  volume={7},
  number={6},
  pages={485--491},
  year={2006},
  publisher={Nature Publishing Group}
}
@article{wickelgren1977speed,
  title={Speed-accuracy tradeoff and information processing dynamics},
  author={Wickelgren, Wayne A},
  journal={Acta psychologica},
  volume={41},
  number={1},
  pages={67--85},
  year={1977}
}

@article{hampton2001rhesus,
  title={Rhesus monkeys know when they remember},
  author={Hampton, Robert R},
  journal={Proceedings of the National Academy of Sciences},
  volume={98},
  number={9},
  pages={5359--5362},
  year={2001},
  publisher={National Acad Sciences}
}
@article{vickers1970evidence,
  title={Evidence for an accumulator model of psychophysical discrimination},
  author={Vickers, Douglas},
  journal={Ergonomics},
  volume={13},
  number={1},
  pages={37--58},
  year={1970},
  publisher={Taylor \& Francis}
}
@article{hick1952rate,
  title={On the rate of gain of information},
  author={Hick, William E},
  journal={Quarterly Journal of experimental psychology},
  volume={4},
  number={1},
  pages={11--26},
  year={1952},
  publisher={Taylor \& Francis}
}

@article{klayman1999overconfidence,
  title={Overconfidence: It depends on how, what, and whom you ask},
  author={Klayman, Joshua and Soll, Jack B and Gonzalez-Vallejo, Claudia and Barlas, Sema},
  journal={Organizational behavior and human decision processes},
  volume={79},
  number={3},
  pages={216--247},
  year={1999},
  publisher={Elsevier}
}
@article{lichtenstein1977those,
  title={Do those who know more also know more about how much they know?},
  author={Lichtenstein, Sarah and Fischhoff, Baruch},
  journal={Organizational behavior and human performance},
  volume={20},
  number={2},
  pages={159--183},
  year={1977},
  publisher={Elsevier}
}
@article{stankov2000complexity,
  title={Complexity, metacognition, and fluid intelligence},
  author={Stankov, Lazar},
  journal={Intelligence},
  volume={28},
  number={2},
  pages={121--143},
  year={2000},
  publisher={Elsevier}
}
@article{fleming2010relating,
  title={Relating introspective accuracy to individual differences in brain structure},
  author={Fleming, Stephen M and Weil, Rimona S and Nagy, Zoltan and Dolan, Raymond J and Rees, Geraint},
  journal={Science},
  volume={329},
  number={5998},
  pages={1541--1543},
  year={2010},
  publisher={American Association for the Advancement of Science}
}

@article{usher2001time,
  title={The time course of perceptual choice: the leaky, competing accumulator model.},
  author={Usher, Marius and McClelland, James L},
  journal={Psychological review},
  volume={108},
  number={3},
  pages={550},
  year={2001},
  publisher={American Psychological Association}
}

@article{perfect1993accuracy,
  title={Accuracy of confidence ratings associated with general knowledge and eyewitness memory.},
  author={Perfect, Timothy J and Watson, Emma L and Wagstaff, Graham F},
  journal={Journal of Applied Psychology},
  volume={78},
  number={1},
  pages={144},
  year={1993},
  publisher={American Psychological Association}
}

@article{fay2010wilcoxon,
  title={Wilcoxon-Mann-Whitney or t-test? On assumptions for hypothesis tests and multiple interpretations of decision rules},
  author={Fay, Michael P and Proschan, Michael A},
  journal={Statistics surveys},
  volume={4},
  pages={1},
  year={2010},
  publisher={NIH Public Access}
}

@article{peirce1884small,
  title={On small differences in sensation},
  author={Peirce, Charles Sanders and Jastrow, Joseph},
  year={1884}
}
@article{griffin1992weighing,
  title={The weighing of evidence and the determinants of confidence},
  author={Griffin, Dale and Tversky, Amos},
  journal={Cognitive psychology},
  volume={24},
  number={3},
  pages={411--435},
  year={1992},
  publisher={Elsevier}
}
@article{wong2006recurrent,
  title={A recurrent network mechanism of time integration in perceptual decisions},
  author={Wong, Kong-Fatt and Wang, Xiao-Jing},
  journal={Journal of Neuroscience},
  volume={26},
  number={4},
  pages={1314--1328},
  year={2006},
  publisher={Soc Neuroscience}
}

@article{ditterich2006evidence,
  title={Evidence for time-variant decision making},
  author={Ditterich, Jochen},
  journal={European Journal of Neuroscience},
  volume={24},
  number={12},
  pages={3628--3641},
  year={2006},
  publisher={Wiley Online Library}
}
@article{bates2014fitting,
  title={Fitting linear mixed-effects models using lme4},
  author={Bates, Douglas and M{\"a}chler, Martin and Bolker, Ben and Walker, Steve},
  journal={arXiv preprint arXiv:1406.5823},
  year={2014}
}
@article{cho2002mechanisms,
  title={Mechanisms underlying dependencies of performance on stimulus history in a two-alternative forced-choice task},
  author={Cho, Raymond Y and Nystrom, Leigh E and Brown, Eric T and Jones, Andrew D and Braver, Todd S and Holmes, Philip J and Cohen, Jonathan D},
  journal={Cognitive, Affective, \& Behavioral Neuroscience},
  volume={2},
  number={4},
  pages={283--299},
  year={2002},
  publisher={Springer}
}
@article{gelman2007data,
  title={Data analysis using regression and hierarchical/multilevel models},
  author={Gelman, Andrew and Hill, Jennifer},
  journal={New York, NY: Cambridge},
  year={2007}
}
@article{braun2018adaptive,
  title={Adaptive History Biases Result from Confidence-weighted Accumulation of Past Choices},
  author={Braun, Anke and Urai, Anne E and Donner, Tobias H},
  journal={Journal of Neuroscience},
  pages={2189--17},
  year={2018},
  publisher={Soc Neuroscience}
}
 @article{lme4,
    title = {Fitting Linear Mixed-Effects Models Using {lme4}},
    author = {Douglas Bates and Martin M{\"a}chler and Ben Bolker and
      Steve Walker},
    journal = {Journal of Statistical Software},
    year = {2015},
    volume = {67},
    number = {1},
    pages = {1--48},
    doi = {10.18637/jss.v067.i01},
  }
@Manual{Rstudio, title = {RStudio: Integrated Development Environment for R}, author = {{RStudio Team}}, organization = {RStudio, Inc.}, address = {Boston, MA}, year = {2015}, url = {http://www.rstudio.com/}, }

@article{desender2018a,
  title={A post-decisional neural marker of confidence predicts information-seeking},
  author={Desender, Kobe and Murphy, Peter R and Boldt, Annika and Verguts, Tom and Yeung, Nick},
  journal={bioRxiv},
  pages={433276},
  year={2018},
  publisher={Cold Spring Harbor Laboratory}
}

@article{samaha2018confidence,
  title={Confidence boosts serial dependence in orientation estimation},
  author={Samaha, Jason and Switzky, Missy and Postle, Bradley R},
  journal={bioRxiv},
  pages={369140},
  year={2018},
  publisher={Cold Spring Harbor Laboratory}
}
@article{sanders2016signatures,
  title={Signatures of a statistical computation in the human sense of confidence},
  author={Sanders, Joshua I and Hangya, Bal{\'a}zs and Kepecs, Adam},
  journal={Neuron},
  volume={90},
  number={3},
  pages={499--506},
  year={2016},
  publisher={Elsevier}
}
@article{baranski1994calibration,
  title={The calibration and resolution of confidence in perceptual judgments},
  author={Baranski, Joseph V and Petrusic, William M},
  journal={Perception \& psychophysics},
  volume={55},
  number={4},
  pages={412--428},
  year={1994},
  publisher={Springer}
}
@article{desender2018post,
  title={Post-decisional sense of confidence shapes speed-accuracy tradeoff for subsequent choices},
  author={Desender, Kobe and Boldt, Annika and Verguts, Tom and Donner, Tobias H},
  journal={bioRxiv},
  pages={466730},
  year={2018},
  publisher={Cold Spring Harbor Laboratory}
}
@misc{gonzalez2002digital,
  title={Digital image processing},
  author={Gonzalez, Rafael C and Woods, Richard E and others},
  year={2002},
  publisher={Prentice hall Upper Saddle River, NJ}
}
@article{Beck_Probabilistic_2008,
  pages={1142-1152},
  abstract={When making a decision, one must first accumulate evidence, often over time, and then select the appropriate action. Here, we present a neural model of decision making that can perform both evidence accumulation and action selection optimally. More specifically, we show that, given a Poisson-like distribution of spike counts, biological neural networks can accumulate evidence without loss of information through linear integration of neural activity and can select the most likely action through attractor dynamics. This holds for arbitrary correlations, any tuning curves, continuous and discrete variables, and sensory evidence whose reliability varies over time. Our model predicts that the neurons in the lateral intraparietal cortex involved in evidence accumulation encode, on every trial, a probability distribution which predicts the animal's performance. We present experimental evidence consistent with this prediction and discuss other predictions applicable to more general settings.},
  file={C:\Users\kevin\OneDrive\ReadCube\Beck\Beck - 2008 - Neuron.pdf;C:\Users\kevin\OneDrive\ReadCube\Beck\Beck - 2008 - Neuron - supplement 1.pdf},
  volume={60},
  number={6},
  pmid={19109917},
  issn={0896-6273},
  doi={10.1016/j.neuron.2008.09.021},
  year={2008},
  author={Beck, Jeffrey M and Ma, Wei and Kiani, Roozbeh and Hanks, Tim and Churchland, Anne K and Roitman, Jamie and Shadlen, Michael N and Latham, Peter E and Pouget, Alexandre},
  title={Probabilistic Population Codes for Bayesian Decision Making}
}
@article{Kepecs_A_2012,
  pages={1322-1337},
  abstract={Confidence judgements, self-assessments about the quality of a subject's knowledge, are considered a central example of metacognition. Prima facie, introspection and self-report appear the only way to access the subjective sense of confidence or uncertainty. Contrary to this notion, overt behavioural measures can be used to study confidence judgements by animals trained in decision-making tasks with perceptual or mnemonic uncertainty. Here, we suggest that a computational approach can clarify the issues involved in interpreting these tasks and provide a much needed springboard for advancing the scientific understanding of confidence. We first review relevant theories of probabilistic inference and decision-making. We then critically discuss behavioural tasks employed to measure confidence in animals and show how quantitative models can help to constrain the computational strategies underlying confidence-reporting behaviours. In our view, post-decision wagering tasks with continuous measures of confidence appear to offer the best available metrics of confidence. Since behavioural reports alone provide a limited window into mechanism, we argue that progress calls for measuring the neural representations and identifying the computations underlying confidence reports. We present a case study using such a computational approach to study the neural correlates of decision confidence in rats. This work shows that confidence assessments may be considered higher order, but can be generated using elementary neural computations that are available to a wide range of species. Finally, we discuss the relationship of confidence judgements to the wider behavioural uses of confidence and uncertainty.},
  file={C:\Users\kevin\OneDrive\ReadCube\Kepecs\Kepecs - 2012 - Philosophical Transactions of the Royal Society B Biological Sciences.pdf},
  volume={367},
journal={Philosophical Transactions of the Royal Society B Biological Sciences},
  number={1594},
  pmid={22492750},
  issn={0962-8436},
  doi={10.1098/rstb.2012.0037},
  year={2012},
  author={Kepecs, Adam and Mainen, Zachary F},
  title={A computational framework for the study of confidence in humans and animals}
}



@article{Mazurek_A_2003,
  number={11},
  pages={1257-1269},
  year={2003},
  journal={Cereb Cortex},
  volume={13},
  pmid={14576217},
  issn={1047-3211},
  doi={10.1093/cercor/bhg097},
  file={C:\Users\kevin\OneDrive\ReadCube\Mazurek\Mazurek - 2003 - Cereb Cortex.pdf},
  abstract={Decisions based on uncertain information may benefit from an accumulation of information over time. We asked whether such an accumulation process may underlie decisions about the direction of motion in a random dot kinetogram. To address this question we developed a computational model of the decision process using ensembles of neurons whose spiking activity mimics neurons recorded in the extrastriate visual cortex (area {MT} or V5) and a sensorimotor association area of the parietal lobe (area {LIP).} The model instantiates the hypothesis that neurons in sensorimotor association areas compute the time integral of sensory signals from the visual cortex, construed as evidence for or against a proposition, and that the decision is made when the integrated evidence reaches a threshold. The model explains a variety of behavioral and physiological measurements obtained from monkeys.},
  author={Mazurek, Mark and Roitman, Jamie and Ditterich, Jochen and Shadlen, Michael},
  title={A Role for Neural Integrators in Perceptual Decision Making}
}


@article{wang2008decision,
  title={Decision making in recurrent neuronal circuits},
  author={Wang, Xiao-Jing},
  journal={Neuron},
  volume={60},
  number={2},
  pages={215--234},
  year={2008},
  publisher={Elsevier}
}
@article{Wilcoxon_Individual_1945,
  pages={80},
  file={C:\Users\kevin\OneDrive\ReadCube\Unidentified\Untitled Article (2018-11-13T11-55-26Z).pdf},
  volume={1},
  number={6},
  issn={0099-4987},
  doi={10.2307/3001968},
  year={1945},
journal={Biometrics Bulletin},
  author={Wilcoxon, Frank},
  title={Individual Comparisons by Ranking Methods}
}
@article{peirce:1873, 
	year={1873},
  title = {On the theory of errors of observation}, 
  author = {Peirce, Charles Sanders}, 
  journal = {Report of the Superintendent of the United States Coast Survey Showing the Progress of the Survey During the Year 1870}, 
    pages = {220--224}, 
  }
@article{verdonck2016factoring,
  title={Factoring out nondecision time in choice reaction time data: Theory and implications.},
  author={Verdonck, Stijn and Tuerlinckx, Francis},
  journal={Psychological review},
  volume={123},
  number={2},
  pages={208},
  year={2016},
  publisher={American Psychological Association}
}

@article{rolls2010choice,
  title={Choice, difficulty, and confidence in the brain},
  author={Rolls, Edmund T and Grabenhorst, Fabian and Deco, Gustavo},
  journal={Neuroimage},
  volume={53},
  number={2},
  pages={694--706},
  year={2010},
  publisher={Elsevier}
}

@article{ratcliff1998modeling,
  title={Modeling response times for two-choice decisions},
  author={Ratcliff, Roger and Rouder, Jeffrey N},
  journal={Psychological science},
  volume={9},
  number={5},
  pages={347--356},
  year={1998},
  publisher={SAGE Publications Sage CA: Los Angeles, CA}
}


@book{luce1986response,
  title={Response times: Their role in inferring elementary mental organization},
  author={Luce, R Duncan and others},
  number={8},
  year={1986},
  publisher={Oxford University Press on Demand}
}
@article{paz2016confidence,
  title={Confidence through consensus: a neural mechanism for uncertainty monitoring},
  author={Paz, Luciano and Insabato, Andrea and Zylberberg, Ariel and Deco, Gustavo and Sigman, Mariano},
  journal={Scientific reports},
  volume={6},
  pages={21830},
  year={2016},
  publisher={Nature Publishing Group}
}

@article{berlemont2019does,
  title={Does nonlinear neural network dynamics explain human confidence in a sequence of perceptual decisions?},
  author={Berlemont, Kevin and Martin, Jean-R{\'e}my and Sackur, J{\'e}r{\^o}me and Nadal, Jean-Pierre},
  journal={BioRxiv},
  pages={648022},
  year={2019},
  publisher={Cold Spring Harbor Laboratory}
}
@article{wei2015confidence,
  title={Confidence estimation as a stochastic process in a neurodynamical system of decision making},
  author={Wei, Ziqiang and Wang, Xiao-Jing},
  journal={Journal of neurophysiology},
  volume={114},
  number={1},
  pages={99--113},
  year={2015},
  publisher={American Physiological Society Bethesda, MD}
}
@article{jaramillo2019engagement,
  title={Engagement of pulvino-cortical feedforward and feedback pathways in cognitive computations},
  author={Jaramillo, Jorge and Mejias, Jorge F and Wang, Xiao-Jing},
  journal={Neuron},
  volume={101},
  number={2},
  pages={321--336},
  year={2019},
  publisher={Elsevier}
}
@article{wang2002probabilistic,
  title={Probabilistic decision making by slow reverberation in cortical circuits},
  author={Wang, Xiao-Jing},
  journal={Neuron},
  volume={36},
  number={5},
  pages={955--968},
  year={2002},
  publisher={Elsevier}
}
@article{komura2013responses,
  title={Responses of pulvinar neurons reflect a subject's confidence in visual categorization},
  author={Komura, Yutaka and Nikkuni, Akihiko and Hirashima, Noriko and Uetake, Teppei and Miyamoto, Aki},
  journal={Nature neuroscience},
  volume={16},
  number={6},
  pages={749},
  year={2013},
  publisher={Nature Publishing Group}
}

@article{kepecs2008neural,
  title={Neural correlates, computation and behavioural impact of decision confidence},
  author={Kepecs, Adam and Uchida, Naoshige and Zariwala, Hatim A and Mainen, Zachary F},
  journal={Nature},
  volume={455},
  number={7210},
  pages={227--231},
  year={2008},
  publisher={Nature Publishing Group}
}
@article{kiani2009representation,
  title={Representation of confidence associated with a decision by neurons in the parietal cortex},
  author={Kiani, Roozbeh and Shadlen, Michael N},
  journal={science},
  volume={324},
  number={5928},
  pages={759--764},
  year={2009},
  publisher={American Association for the Advancement of Science}
}
@article{clarke1959two,
  title={Two types of ROC curves and definitions of parameters},
  author={Clarke, Frank R and Birdsall, Theodore G and Tanner Jr, Wilson P},
  journal={The Journal of the Acoustical Society of America},
  volume={31},
  number={5},
  pages={629--630},
  year={1959},
  publisher={Acoustical Society of America}
}

@book{green1966signal,
  title={Signal detection theory and psychophysics},
  author={Green, David Marvin and Swets, John A and others},
  volume={1},
  year={1966},
  publisher={Wiley New York}
}
@article{galvin2003type,
  title={Type 2 tasks in the theory of signal detectability: Discrimination between correct and incorrect decisions},
  author={Galvin, Susan J and Podd, John V and Drga, Vit and Whitmore, John},
  journal={Psychonomic bulletin \& review},
  volume={10},
  number={4},
  pages={843--876},
  year={2003},
  publisher={Springer}
}
@article{ratcliff2013modeling,
  title={Modeling confidence judgments, response times, and multiple choices in decision making: recognition memory and motion discrimination.},
  author={Ratcliff, Roger and Starns, Jeffrey J},
  journal={Psychological review},
  volume={120},
  number={3},
  pages={697},
  year={2013},
  publisher={American Psychological Association}
}
@article{pleskac2010two,
  title={Two-stage dynamic signal detection: a theory of choice, decision time, and confidence.},
  author={Pleskac, Timothy J and Busemeyer, Jerome R},
  journal={Psychological review},
  volume={117},
  number={3},
  pages={864},
  year={2010},
  publisher={American Psychological Association}
}

@article{moreno2010decision,
  title={Decision confidence and uncertainty in diffusion models with partially correlated neuronal integrators},
  author={Moreno-Bote, Rub{\'e}n},
  journal={Neural computation},
  volume={22},
  number={7},
  pages={1786--1811},
  year={2010},
  publisher={MIT Press}
}

@book{vickers1979decision,
  title={Decision processes in visual perception},
  author={Vickers, Douglas},
  year={1979 (reeditited in 2014) },
  publisher={Academic Press}
}

@article{ratcliff2008diffusion,
  title={The diffusion decision model: theory and data for two-choice decision tasks},
  author={Ratcliff, Roger and McKoon, Gail},
  journal={Neural computation},
  volume={20},
  number={4},
  pages={873--922},
  year={2008},
  publisher={MIT Press}
}
@article{merkle2006application,
  title={An application of the Poisson race model to confidence calibration.},
  author={Merkle, Edgar C and Van Zandt, Trisha},
  journal={Journal of Experimental Psychology: General},
  volume={135},
  number={3},
  pages={391},
  year={2006},
  publisher={American Psychological Association}
}
@article{ratcliff1978theory,
  title={A theory of memory retrieval.},
  author={Ratcliff, Roger},
  journal={Psychological review},
  volume={85},
  number={2},
  pages={59},
  year={1978},
  publisher={American Psychological Association}
}
@article{vickers1970evidence,
  title={Evidence for an accumulator model of psychophysical discrimination},
  author={Vickers, Douglas},
  journal={Ergonomics},
  volume={13},
  number={1},
  pages={37--58},
  year={1970},
  publisher={Taylor \& Francis}
}
@article{bogacz2006physics,
  title={The physics of optimal decision making: a formal analysis of models of performance in two-alternative forced-choice tasks.},
  author={Bogacz, Rafal and Brown, Eric and Moehlis, Jeff and Holmes, Philip and Cohen, Jonathan D},
  journal={Psychological review},
  volume={113},
  number={4},
  pages={700},
  year={2006},
  publisher={American Psychological Association}
}

@article{raab1962division,
  title={Division of psychology: Statistical facilitation of simple reaction times},
  author={Raab, David H},
  journal={Transactions of the New York Academy of Sciences},
  volume={24},
  number={5 Series II},
  pages={574--590},
  year={1962},
  publisher={Wiley Online Library}
}
@book{diu1989elements,
  title={El{\'e}ments de physique statistique},
  author={Diu, Bernard and Roulet, Bernard and Guthmann, Claudine and Lederer, Danielle},
  year={1989},
  publisher={Hermann}
}